@article{Logg2003a,
  category = {articles},
  status = {published},
  author = {Anders Logg},
  journal = {SIAM J. Sci. Comput.},
  issn = {1064-8275},
  number = {6},
  simula = {ok},
  volume = {24},
  duplicate = {True},
  year = {2003},
  title = {Multi-Adaptive {G}alerkin Methods for {ODE}s {I}},
  pdf = {papers/Logg2003a.pdf},
  pages = {1879--1902},
  tags = {final},
}

@article{Logg2003b,
  category = {articles},
  status = {published},
  author = {Anders Logg},
  journal = {SIAM J. Sci. Comput.},
  issn = {1064-8275},
  number = {4},
  simula = {ok},
  volume = {25},
  year = {2003},
  title = {Multi-Adaptive {G}alerkin Methods for {ODE}s {II}: {I}mplementation and Applications},
  pdf = {papers/Logg2003b.pdf},
  pages = {1119--1141},
  tags = {final},
}

@article{ErikssonJohnsonEtAl2003a,
  category = {articles},
  status = {published},
  author = {Kenneth Eriksson and Claes Johnson and Anders Logg},
  journal = {SIAM J. Sci. Comput.},
  issn = {1064-8275},
  number = {4},
  simula = {ok},
  volume = {25},
  duplicate = {True},
  year = {2003},
  title = {Explicit Time-Stepping for Stiff {ODE}s},
  pdf = {papers/ErikssonJohnsonEtAl2003a.pdf},
  pages = {1142--1157},
  tags = {final},
}

@article{Logg2004a,
  category = {articles},
  status = {published},
  author = {Anders Logg},
  journal = {Applied Numerical Mathematics},
  issn = {0168-9274},
  number = {3--4},
  simula = {ok},
  volume = {48},
  duplicate = {True},
  year = {2004},
  title = {Multi-Adaptive Time-Integration},
  pdf = {papers/Logg2004a.pdf},
  pages = {339--354},
  tags = {final},
}

@article{JanssonJohnsonEtAl2005a,
  category = {articles},
  status = {published},
  author = {Johan Jansson and Claes Johnson and Anders Logg},
  journal = {Mathematical Models and Methods in Applied Sciences},
  issn = {0218-2025},
  number = {3},
  simula = {ok},
  volume = {15},
  duplicate = {True},
  year = {2005},
  title = {Computational Modeling of Dynamical Systems},
  pdf = {papers/JanssonJohnsonEtAl2005a.pdf},
  pages = {471--481},
  tags = {final},
}

@article{KirbyKnepleyEtAl2005a,
  category = {articles},
  status = {published},
  author = {Robert C. Kirby and Matthew G. Knepley and Anders Logg and L. Ridgway Scott},
  journal = {SIAM J. Sci. Comput.},
  issn = {1064-8275},
  number = {3},
  simula = {ok},
  volume = {27},
  year = {2005},
  title = {Optimizing the Evaluation of Finite Element Matrices},
  pdf = {papers/KirbyKnepleyEtAl2005a.pdf},
  pages = {741--758},
  tags = {final},
}

@article{Logg2006a,
  category = {articles},
  status = {published},
  author = {Anders Logg},
  journal = {SIAM J. Numer. Anal.},
  issn = {0036-1429},
  number = {6},
  simula = {ok},
  volume = {43},
  duplicate = {True},
  year = {2006},
  title = {Multi-Adaptive {G}alerkin Methods for {ODE}s {III}: {A} Priori Error Estimates},
  pdf = {papers/Logg2006a.pdf},
  pages = {2624--2646},
  tags = {final},
}

@article{KirbyLogg2006a,
  category = {articles},
  status = {published},
  author = {Robert C. Kirby and Anders Logg},
  journal = {ACM Transactions on Mathematical Software},
  issn = {0098-3500},
  number = {3},
  simula = {ok},
  volume = {32},
  duplicate = {True},
  year = {2006},
  title = {A Compiler for Variational Forms},
  pdf = {papers/KirbyLogg2006a.pdf},
  pages = {417--444},
  tags = {final},
}

@article{KirbyLoggEtAl2006a,
  category = {articles},
  status = {published},
  author = {Robert C. Kirby and Anders Logg and L. Ridgway Scott and Andy R. Terrel},
  journal = {SIAM J. Sci. Comput.},
  issn = {1064-8275},
  number = {1},
  simula = {ok},
  volume = {28},
  duplicate = {True},
  year = {2006},
  title = {Topological Optimization of the Evaluation of Finite Element Matrices},
  pdf = {papers/KirbyLoggEtAl2006a.pdf},
  pages = {224--240},
  tags = {final},
}

@article{Logg2007a,
  status = {published},
  tags = {final},
  journal = {Arch. Comput. Methods Eng.},
  number = {2},
  volume = {14},
  year = {2007},
  simula = {ok},
  pdf = {papers/Logg2007a.pdf},
  pages = {93--138},
  category = {articles},
  author = {Anders Logg},
  issn = {1134-3060},
  duplicate = {True},
  title = {Automating the Finite Element Method},
}

@article{KirbyLogg2007a,
  category = {articles},
  status = {published},
  fixme = {page range},
  author = {Robert C. Kirby and Anders Logg},
  journal = {ACM Transactions on Mathematical Software},
  issn = {0098-3500},
  number = {3},
  simula = {ok},
  volume = {33},
  duplicate = {True},
  year = {2007},
  title = {Efficient Compilation of a Class of Variational Forms},
  pdf = {papers/KirbyLogg2007a.pdf},
  tags = {final},
}

@article{JanssonLogg2008a,
  status = {published},
  tags = {final},
  journal = {ACM Trans. Math. Software},
  number = {3},
  volume = {35},
  year = {2008},
  simula = {ok},
  pdf = {papers/JanssonLogg2008a.pdf},
  pages = {1--24},
  category = {articles},
  author = {Johan Jansson and Anders Logg},
  issn = {0098-3500},
  duplicate = {True},
  title = {Algorithms and Data Structures for Multi-Adaptive Time-Stepping},
}

@article{KirbyLogg2008a,
  status = {published},
  tags = {final},
  journal = {ACM Transactions on Mathematical Software},
  number = {2},
  volume = {35},
  year = {2008},
  simula = {ok},
  pdf = {papers/KirbyLogg2008a.pdf},
  pages = {1--18},
  category = {articles},
  doi = {http://doi.acm.org/10.1145/1377612.1377614},
  author = {Robert C. Kirby and Anders Logg},
  issn = {0098-3500},
  duplicate = {True},
  title = {Benchmarking Domain-Specific Compiler Optimizations for Variational Forms},
}

@article{OelgaardLoggEtAl2008a,
  status = {published},
  tags = {final},
  journal = {SIAM J. Sci. Comput.},
  number = {2},
  volume = {31},
  year = {2008},
  simula = {ok},
  pdf = {papers/OelgaardLoggEtAl2008a.pdf},
  pages = {849--864},
  category = {articles},
  doi = {10.1137/070710032},
  author = {Kristian B. Oelgaard and Anders Logg and Garth N. Wells},
  url = {http://link.aip.org/link/?SCE/31/849},
  issn = {1064-8275},
  title = {Automated Code Generation for Discontinuous Galerkin Methods},
}

@article{AlnaesLoggEtAl2009a,
  category = {articles},
  status = {accepted},
  author = {Martin S. Aln{\ae}s and Anders Logg and Kent-Andre Mardal and Ola Skavhaug and Hans Petter Langtangen},
  journal = {International Journal of Computational Science and Engineering},
  title = {Unified Framework for Finite Element Assembly},
  year = {2009},
  simula = {ok},
  pdf = {papers/AlnaesLoggEtAl2009a.pdf},
}

@article{Logg2009a,
  category = {articles},
  status = {accepted},
  author = {Anders Logg},
  journal = {International Journal of Computational Science and Engineering},
  title = {Efficient Representation of Computational Meshes},
  duplicate = {True},
  year = {2009},
  simula = {ok},
  pdf = {papers/Logg2009a.pdf},
}

@article{RognesKirbyEtAl2008a,
  category = {articles},
  status = {submitted},
  author = {M. Rognes and Robert C. Kirby and Anders Logg},
  journal = {SIAM J. Sci. Comput.},
  title = {Efficient Assembly of $H(\mathrm{div})$ and $H(\mathrm{curl})$ Conforming Finite Elements},
  year = {2008},
  simula = {ok},
  pdf = {papers/RognesKirbyEtAl2008a.pdf},
}

@article{LoggWells2009a,
  category = {articles},
  status = {submitted},
  author = {A. Logg and Garth N. Wells},
  url = {http://www.dspace.cam.ac.uk/handle/1810/214787},
  journal = {ACM Transactions on Mathematical Software},
  title = {DOLFIN: Automated Finite Element Computing},
  year = {2009},
  simula = {ok},
  pdf = {papers/LoggWells2009a.pdf},
}

@book{HoffmanJohnsonEtAl2004a,
  category = {books},
  publisher = {Springer-Verlag},
  isbn = {3-540-21976-5},
  author = {Johan Hoffman and Claes Johnson and Anders Logg},
  title = {Dreams of Calculus: Perspectives on Mathematics Education},
  status = {published},
  year = {2004},
  simula = {ok},
  pdf = {missing},
}

@inbook{ErikssonJohnsonEtAl2004a,
  category = {chapters},
  chapter = {24},
  isbn = {0-470-84699-2},
  author = {Kenneth Eriksson and Claes Johnson and Anders Logg},
  title = {Adaptive Computational Methods for Parabolic Problems},
  booktitle = {Encyclopedia of Computational Mechanics},
  publisher = {Wiley Press},
  volume = {1},
  duplicate = {True},
  status = {published},
  editor = {E. Stein and R. de Borst and T. J. R. Hughes},
  year = {2004},
  simula = {ok},
  pdf = {missing},
}

@inbook{LoggMardalEtAl2007a,
  category = {chapters},
  chapter = {19},
  isbn = {978-1584889090},
  author = {Anders Logg and Kent-Andre Mardal and Martin S. Aln{\ae}s and Hans Petter Langtangen and Ola Skavhaug},
  series = {Computational Science},
  booktitle = {Petascale Computing: Algorithms and Applications},
  publisher = {Chapman and Hall},
  title = {A Hybrid Approach to Efficient Finite Element Code Development},
  status = {published},
  editor = {D. A. Bader},
  year = {2007},
  simula = {ok},
  pdf = {missing},
}

@inbook{Logg2008a,
  category = {chapters},
  publisher = {Nationellt centrum f{\"o}r matematikutbildning, NCM},
  isbn = {978--91--85143--08--5},
  author = {Anders Logg},
  booktitle = {M\"anniskor och matematik},
  title = {Att L\"osa En Differentialekvation},
  status = {published},
  editor = {Ola Helenius and Karin Wallby},
  year = {2008},
  simula = {ok},
  pdf = {papers/Logg2008a.pdf},
  pages = {95--109},
}

@inbook{LoggLangtangenEtAl2009a,
  category = {chapters},
  chapter = {x},
  author = {Anders Logg and Hans Petter Langtangen and Xing Cai},
  url = {http://www.springer.com/math/cse/book/978-3-642-01155-9},
  booktitle = {Simula Research Laboratory - by thinking constantly about it},
  publisher = {Springer-Verlag},
  status = {accepted},
  editor = {Aslak Tveito and Are Magnus Bruaset and Olav Lysne},
  year = {2009},
  title = {Past and Future Perspectives on Scientific Software},
  pdf = {missing},
}

@inproceedings{Logg2007b,
  category = {refproceedings},
  status = {published},
  isbn = {9788259122357},
  author = {Anders Logg},
  booktitle = {MekIT'07},
  title = {Efficient Representation of Computational Meshes},
  total_pages = {332},
  note = {http://www.ntnu.no/mekit07, http://butikk.tapirforlag.no/no/node/1073},
  duplicate = {True},
  editor = {B. Skallerud and H. I. Andersson},
  year = {2007},
  publisher = {Tapir Akademisk Forlag},
  simula = {ok},
  pdf = {missing},
}

@inproceedings{SiklosiJensenEtAl2008a,
  category = {refproceedings},
  status = {published},
  note = {http://www.esaim-proc.org/index.php?option=toc&url=/articles/proc/abs/2008/02/contents/contents.html},
  author = {Malin Siklosi and Oliver E. Jensen and Richard H. Tew and Anders Logg},
  booktitle = {Mathematical and numerical modelling of the human lung},
  issn = {1270-900X},
  simula = {ok},
  volume = {23},
  year = {2008},
  title = {Multiscale Modeling of the Acoustic Properties of Lung Parenchyma},
  pdf = {papers/SiklosiJensenEtAl2008a.pdf},
  pages = {78--97},
}

@inproceedings{SelimLogg2009a,
  category = {refproceedings},
  status = {published},
  author = {Kristoffer Selim and Anders Logg},
  booktitle = {MekIT'07},
  title = {Simulating Heart Valve Dynamics in FEniCS},
  publisher = {Tapir Akademisk Forlag},
  editor = {B. Skallerud and H. I. Andersson},
  year = {2009},
  pdf = {papers/SelimLogg2009a.pdf},
}

@inproceedings{JohnsonHoffmanEtAl2001a,
  category = {proceedings},
  status = {published},
  author = {Claes Johnson and Johan Hoffman and Anders Logg},
  booktitle = {CEDYA 2001: Congreso de Ecuaciones Diferenciales y Aplicaciones},
  title = {Topics in Adaptive Computational Methods for Differential Equations},
  duplicate = {True},
  year = {2001},
  simula = {ok},
  pdf = {missing},
}

@inproceedings{HoffmanJohnsonEtAl2004b,
  category = {proceedings},
  status = {published},
  author = {Johan Hoffman and Claes Johnson and Anders Logg},
  booktitle = {Stockholm Intelligencer: Fourth European Congress of Mathematics},
  title = {Mathematics and Computation},
  year = {2004},
  simula = {ok},
  pdf = {papers/HoffmanJohnsonEtAl2004b.pdf},
}

@inproceedings{Logg2007c,
  status = {published},
  journal = {Proceedings in Applied Mathematics and Mechanics},
  number = {1},
  volume = {7},
  year = {2007},
  simula = {ok},
  pdf = {papers/Logg2007c.pdf},
  pages = {1010601--1010602},
  category = {proceedings},
  author = {Anders Logg},
  booktitle = {Sixth International Congress on Industrial Applied Mathematics (ICIAM07) and GAMM Annual Meeting, Z\"urich 2007},
  issn = {1617-7061},
  note = {http://dx.doi.org/10.1002/pamm.200700234},
  duplicate = {True},
  title = {Automated Solution of Differential Equations},
}

@inproceedings{OelgaardWellsEtAl2008a,
  category = {proceedings},
  status = {published},
  author = {Kristian B. Oelgaard and Garth N. Wells and Anders Logg},
  booktitle = {IUTAM Symposium on Theoretical, Modelling and Computational Aspects of Inelastic Media},
  title = {Automated Computational Modelling for Solid Mechanics},
  year = {2008},
  simula = {ok},
  pdf = {missing},
}

@inproceedings{LangtangenLogg2008a,
  category = {proceedings},
  status = {published},
  author = {Hans Petter Langtangen and Anders Logg},
  booktitle = {21st Nordic Seminar on Computational Mechanics},
  title = {Trends in Computational Mechanics Software},
  year = {2008},
  simula = {ok},
  pdf = {missing},
  journal = {21st Nordic Seminar on Computational Mechanics},
}

@inproceedings{NarayananGarikipatiEtAl2008a,
  category = {proceedings},
  status = {published},
  author = {Harish Narayanan and Krishna Garikipati and Anders Logg},
  volume = {39},
  booktitle = {The mathematics of growth and remodelling of soft biological tissues},
  title = {Collaborative Computational Frameworks and the Growth Problem},
  publisher = {European Mathematical Society Publishing House},
  note = {presented by Harish at Mathematisches Forschungsinstitut Oberwolfach},
  editor = {D. Ambrosi and K. Garikipati and E. Kuhl},
  year = {2008},
  simula = {ok},
  pdf = {papers/NarayananGarikipatiEtAl2008a.pdf},
  pages = {29--31},
}

@inproceedings{Logg2008b,
  category = {proceedings},
  status = {published},
  author = {Anders Logg},
  booktitle = {21st Nordic Seminar on Computational Mechanics},
  title = {An Overview of the FEniCS Project},
  duplicate = {True},
  year = {2008},
  simula = {ok},
  pdf = {missing},
  journal = {21st Nordic Seminar on Computational Mechanics},
}

@techreport{Logg1998a,
  category = {reports},
  status = {published},
  author = {Anders Logg},
  title = {Multi-Adaptive Error Control for {ODE}s},
  number = {98/20},
  year = {1998},
  pdf = {missing},
  institution = {Oxford University Computing Laboratory NA Group},
}

@techreport{Logg2000a,
  category = {reports},
  status = {published},
  author = {Anders Logg},
  title = {A Multi-Adaptive {ODE}-Solver},
  number = {2000--02},
  duplicate = {True},
  year = {2000},
  pdf = {papers/Logg2000a.pdf},
  institution = {Finite Element Center},
}

@techreport{Logg2000b,
  category = {reports},
  status = {published},
  author = {Anders Logg},
  title = {Multi-Adaptive Error Control for {ODE}s},
  number = {2000--03},
  year = {2000},
  pdf = {papers/Logg2000b.pdf},
  institution = {Finite Element Center},
}

@techreport{Logg2001a,
  category = {reports},
  status = {published},
  author = {Anders Logg},
  title = {Multi-Adaptive {G}alerkin Methods for {ODE}s {I}: {T}heory and Algorithms},
  number = {2001--09},
  year = {2001},
  pdf = {papers/Logg2001a.pdf},
  institution = {Finite Element Center},
}

@techreport{Logg2001b,
  category = {reports},
  status = {published},
  author = {Anders Logg},
  title = {Multi-Adaptive {G}alerkin Methods for {ODE}s {II}: {A}pplications},
  number = {2001--10},
  year = {2001},
  pdf = {papers/Logg2001b.pdf},
  institution = {Finite Element Center},
}

@techreport{Logg2001c,
  category = {reports},
  status = {published},
  author = {Anders Logg},
  title = {Topics in Adaptive Computational Methods for Differential Equations},
  number = {2001--20},
  duplicate = {True},
  year = {2001},
  pdf = {papers/Logg2001c.pdf},
  institution = {Finite Element Center},
}

@techreport{HoffmanLogg2002a,
  category = {reports},
  status = {published},
  author = {Johan Hoffman and Anders Logg},
  title = {{DOLFIN}: {D}ynamic {O}bject Oriented {L}ibrary for {FIN}ite Element Computation},
  number = {2002--06},
  year = {2002},
  pdf = {papers/HoffmanLogg2002a.pdf},
  institution = {Finite Element Center},
}

@techreport{ErikssonJohnsonEtAl2002a,
  category = {reports},
  status = {published},
  author = {Kenneth Eriksson and Claes Johnson and Anders Logg},
  title = {Explicit Time-Stepping for Stiff {ODE}s},
  number = {2002--07},
  duplicate = {True},
  year = {2002},
  pdf = {papers/ErikssonJohnsonEtAl2002a.pdf},
  institution = {Finite Element Center},
}

@techreport{Logg2003c,
  category = {reports},
  status = {published},
  author = {Anders Logg},
  title = {Multi-Adaptive Time Integration},
  number = {2003--19},
  duplicate = {True},
  year = {2003},
  pdf = {papers/Logg2003c.pdf},
  institution = {Finite Element Center},
}

@techreport{ErikssonJohnsonEtAl2003b,
  category = {reports},
  status = {published},
  author = {Kenneth Eriksson and Claes Johnson and Anders Logg},
  title = {Adaptive Computational Methods for Parabolic Problems},
  number = {2003--20},
  duplicate = {True},
  year = {2003},
  pdf = {papers/ErikssonJohnsonEtAl2003b.pdf},
  institution = {Finite Element Center},
}

@techreport{DupontHoffmanEtAl2003a,
  category = {reports},
  status = {published},
  author = {Todd Dupont and Johan Hoffman and Claes Johnson and Robert C. Kirby and Mats G. Larson and Anders Logg and L. Ridgway Scott},
  title = {The {FE}ni{CS} Project},
  number = {2003--21},
  year = {2003},
  pdf = {papers/DupontHoffmanEtAl2003a.pdf},
  institution = {Finite Element Center},
}

@techreport{Logg2004b,
  category = {reports},
  status = {published},
  author = {Anders Logg},
  title = {Interpolation Estimates for Piecewise Smooth Functions in One Dimension},
  number = {2004--02},
  year = {2004},
  pdf = {papers/Logg2004b.pdf},
  institution = {Finite Element Center},
}

@techreport{Logg2004c,
  category = {reports},
  status = {published},
  author = {Anders Logg},
  title = {Estimates of Derivatives and Jumps Across Element Boundaries for Multi-Adaptive {G}alerkin Solutions of {ODE}s},
  number = {2004--03},
  year = {2004},
  pdf = {papers/Logg2004c.pdf},
  institution = {Finite Element Center},
}

@techreport{Logg2004d,
  category = {reports},
  status = {published},
  author = {Anders Logg},
  title = {Multi-Adaptive {G}alerkin Methods for {ODE}s {III}: {E}xistence and Stability},
  number = {2004--04},
  year = {2004},
  pdf = {papers/Logg2004d.pdf},
  institution = {Finite Element Center},
}

@techreport{Logg2004e,
  category = {reports},
  status = {published},
  author = {Anders Logg},
  title = {Multi-Adaptive {G}alerkin Methods for {ODE}s {IV}: {A} Priori Error Estimates},
  number = {2004--05},
  duplicate = {True},
  year = {2004},
  pdf = {papers/Logg2004e.pdf},
  institution = {Finite Element Center},
}

@techreport{JanssonLogg2004a,
  category = {reports},
  status = {published},
  author = {Johan Jansson and Anders Logg},
  title = {Multi-Adaptive {G}alerkin Methods for {ODE}s {V}: {S}tiff Problems},
  number = {2004--12},
  year = {2004},
  pdf = {missing},
  institution = {Finite Element Center},
}

@techreport{JanssonLogg2004b,
  category = {reports},
  status = {published},
  author = {Johan Jansson and Anders Logg},
  title = {Algorithms for Multi-Adaptive Time-Stepping},
  number = {2004--13},
  year = {2004},
  pdf = {papers/JanssonLogg2004b.pdf},
  institution = {Finite Element Center},
}

@techreport{JanssonLogg2004c,
  category = {reports},
  status = {published},
  author = {Johan Jansson and Anders Logg},
  title = {Simulation of Mechanical Systems With Individual Time Steps},
  number = {2004--14},
  year = {2004},
  pdf = {papers/JanssonLogg2004c.pdf},
  institution = {Finite Element Center},
}

@techreport{JanssonJohnsonEtAl2004a,
  category = {reports},
  status = {published},
  author = {Johan Jansson and Claes Johnson and Anders Logg},
  title = {Computational Modeling of Dynamical Systems},
  number = {2004--15},
  duplicate = {True},
  year = {2004},
  pdf = {papers/JanssonJohnsonEtAl2004a.pdf},
  institution = {Finite Element Center},
}

@techreport{KirbyLogg2005a,
  category = {reports},
  status = {published},
  author = {Robert C. Kirby and Anders Logg},
  title = {A Compiler for Variational Forms},
  number = {2005--05},
  duplicate = {True},
  year = {2005},
  simula = {ok},
  pdf = {papers/KirbyLogg2005a.pdf},
  institution = {Finite Element Center},
}

@techreport{KirbyLoggEtAl2005a,
  category = {reports},
  status = {published},
  author = {Robert C. Kirby and Anders Logg and L. Ridgway Scott and Andy R. Terrel},
  title = {Topological Optimization of the Evaluation of Finite Element Matrices},
  number = {2005--06},
  duplicate = {True},
  year = {2005},
  simula = {ok},
  pdf = {papers/KirbyLoggEtAl2005a.pdf},
  institution = {Finite Element Center},
}

@techreport{Logg2006b,
  category = {reports},
  status = {published},
  author = {Anders Logg},
  title = {Automating the Finite Element Method},
  number = {2006--01},
  duplicate = {True},
  year = {2006},
  simula = {ok},
  pdf = {papers/Logg2006b.pdf},
  institution = {Finite Element Center},
}

@techreport{JanssonLogg2006a,
  category = {reports},
  status = {published},
  author = {Johan Jansson and Anders Logg},
  title = {Algorithms and Data Structures for Multi-Adaptive Time-Stepping},
  number = {2006--06},
  duplicate = {True},
  year = {2006},
  simula = {ok},
  pdf = {papers/JanssonLogg2006a.pdf},
  institution = {Finite Element Center},
}

@techreport{KirbyLogg2006b,
  category = {reports},
  status = {published},
  author = {Robert C. Kirby and Anders Logg},
  title = {Efficient Compilation of a Class of Variational Forms},
  number = {2006--07},
  duplicate = {True},
  year = {2006},
  simula = {ok},
  pdf = {papers/KirbyLogg2006b.pdf},
  institution = {Finite Element Center},
}

@techreport{Logg2007d,
  category = {reports},
  status = {published},
  author = {Anders Logg},
  title = {Efficient Representation of Computational Meshes},
  number = {2007--03},
  year = {2007},
  simula = {ok},
  pdf = {papers/Logg2007d.pdf},
  institution = {Finite Element Center},
}

@techreport{KirbyLogg2007b,
  category = {reports},
  status = {published},
  author = {Robert C. Kirby and Anders Logg},
  title = {Benchmarking Domain-Specific Compiler Optimizations for Variational Forms},
  number = {2007--04},
  duplicate = {True},
  year = {2007},
  simula = {ok},
  pdf = {papers/KirbyLogg2007b.pdf},
  institution = {Finite Element Center},
}

@manual{AlnaesLoggEtAl2009b,
  category = {manuals},
  status = {published},
  author = {Martin S. Aln{\ae}s and Anders Logg and Kent-Andre Mardal and Ola Skavhaug and Hans Petter Langtangen},
  title = {{UFC} Specification and User Manual},
  note = {URL: \url{http://www.fenics.org/ufc/}},
  year = {2009},
  simula = {ok},
  pdf = {missing},
}

@manual{HoffmanLogg2004a,
  category = {manuals},
  status = {published},
  author = {Johan Hoffman and Anders Logg},
  title = {Puffin User Manual},
  note = {URL: \url{http://www.fenics.org/puffin/}},
  year = {2004},
  simula = {ok},
  pdf = {missing},
}

@manual{Logg2007e,
  category = {manuals},
  status = {published},
  author = {Anders Logg},
  title = {{FFC} User Manual},
  note = {URL: \url{http://www.fenics.org/ffc/}},
  year = {2007},
  simula = {ok},
  pdf = {missing},
}

@manual{LoggWells2007a,
  category = {manuals},
  status = {published},
  author = {Anders Logg and Garth N. Wells},
  title = {DOLFIN User Manual},
  note = {URL: \url{http://www.fenics.org/dolfin/}},
  year = {2007},
  simula = {ok},
  pdf = {missing},
}

@None{Logg1998b,
  category = {theses},
  status = {published},
  school = {Chalmers University of Technology},
  author = {Anders Logg},
  title = {A Multi-Adaptive {ODE}-Solver},
  thesistype = {msc},
  duplicate = {True},
  year = {1998},
  simula = {ok},
  pdf = {papers/Logg1998b.pdf},
}

@None{Logg2001d,
  category = {theses},
  status = {published},
  school = {Chalmers University of Technology},
  author = {Anders Logg},
  title = {Multi-Adaptive {G}alerkin Methods for {ODE}s},
  thesistype = {lic},
  duplicate = {True},
  year = {2001},
  simula = {ok},
  pdf = {papers/Logg2001d.pdf},
}

@None{Logg2004f,
  category = {theses},
  status = {published},
  school = {Chalmers University of Technology},
  author = {Anders Logg},
  title = {Automation of Computational Mathematical Modeling},
  thesistype = {phd},
  duplicate = {True},
  year = {2004},
  simula = {ok},
  pdf = {papers/Logg2004f.pdf},
}

@misc{Logg19980110a,
  category = {talks},
  status = {published},
  author = {Anders Logg},
  title = {Mechlab},
  year = {1998},
  date = {1998-01-10},
  pdf = {missing},
  meeting = {Nordic Computational Differential Equations Circus, Chalmers G{\"o}teborg},
}

@misc{Logg1999a,
  category = {talks},
  status = {published},
  author = {Anders Logg},
  title = {A Multi-Adaptive {ODE}-Solver},
  year = {1999},
  date = {1999},
  pdf = {missing},
  meeting = {Nordic Computational Differential Equations Circus, Helsinki},
}

@misc{Logg20000310a,
  category = {talks},
  status = {published},
  author = {Anders Logg},
  title = {Multiadaptivity in Pictures},
  year = {2000},
  date = {2000-03-10},
  pdf = {missing},
  meeting = {Nordic Computational Differential Equations Circus, Bergen},
}

@misc{Logg20000608a,
  category = {talks},
  status = {published},
  author = {Anders Logg},
  title = {Strategies for Multi-Adaptive Time-Stepping},
  note = {date may be wrong, could have been 2000-06-02},
  year = {2000},
  date = {2000-06-08},
  pdf = {missing},
  meeting = {Finite Element Center Workshop, Chalmers G{\"o}teborg},
}

@misc{Logg20010317a,
  category = {talks},
  status = {published},
  author = {Anders Logg},
  title = {Higher-Order Elements and the {L}orenz System},
  note = {date may be wrong, could have been 2001-03-16},
  year = {2001},
  date = {2001-03-17},
  pdf = {missing},
  meeting = {Nordic Computational Differential Equations Circus, Tampere},
}

@misc{Logg20010404a,
  category = {talks},
  status = {published},
  author = {Anders Logg},
  title = {Computability of the {L}orenz System and the Solar System},
  year = {2001},
  date = {2001-04-04},
  pdf = {missing},
  meeting = {Computational and Applied Mathematics Seminar, Chalmers G{\"o}teborg},
}

@misc{Logg20010606a,
  category = {talks},
  status = {published},
  author = {Anders Logg},
  title = {Multi-Adaptive {G}alerkin Methods for {ODE}s},
  year = {2001},
  date = {2001-06-06},
  pdf = {missing},
  meeting = {Licentiate Seminar, Chalmers G{\"o}teborg},
}

@misc{Logg20010803a,
  category = {talks},
  status = {published},
  author = {Anders Logg},
  title = {Multi-Adaptive {G}alerkin Methods for {ODE}s},
  year = {2001},
  date = {2001-08-03},
  pdf = {missing},
  meeting = {International Conference on Scientific Computation and Differential Equations (SciCADE 2001), Vancouver},
}

@misc{LoggHoffmanEtAl20011022a,
  category = {talks},
  status = {published},
  author = {Anders Logg and Johan Hoffman and Claes Johnson},
  title = {On the Computability of the Incompressible Navier-Stokes Equations},
  year = {2001},
  date = {2001-10-22},
  pdf = {missing},
  meeting = {AMFLOW, Heidelberg},
}

@misc{Logg20011116a,
  category = {talks},
  status = {published},
  author = {Anders Logg},
  title = {Ber\"akningsmatematik},
  duplicate = {True},
  year = {2001},
  date = {2001-11-16},
  pdf = {missing},
  meeting = {Birger Sj{\"o}berggymnasiet, V\"anersborg},
}

@misc{JohnsonHoffmanEtAl20011210a,
  category = {talks},
  status = {published},
  author = {Claes Johnson and Johan Hoffman and Anders Logg},
  title = {Two Topics in Adaptivity},
  year = {2001},
  date = {2001-12-10},
  pdf = {missing},
  meeting = {Congreso de Ecuaciones Diferenciales y Aplicaciones (CEDYA 2001), Salamanca},
}

@misc{Logg20020311a,
  category = {talks},
  status = {published},
  author = {Anders Logg},
  title = {Ber\"akningsmatematik},
  note = {date may be wrong, could be 2003-03-11},
  year = {2002},
  date = {2002-03-11},
  pdf = {missing},
  meeting = {Burg{\aa}rdsgymnasiet, G{\"o}teborg},
}

@misc{HoffmanLogg20020412a,
  category = {talks},
  status = {published},
  author = {Johan Hoffman and Anders Logg},
  title = {Dynamic Object-Oriented Library for FINite Element Computation},
  year = {2002},
  date = {2002-04-12},
  pdf = {missing},
  meeting = {Computational and Applied Mathematics Seminar, Chalmers G{\"o}teborg},
}

@misc{LoggErikssonEtAl20020607a,
  category = {talks},
  status = {published},
  author = {Anders Logg and Kenneth Eriksson and Claes Johnson},
  title = {Explicit Time-Stepping for Stiff {ODE}s},
  year = {2002},
  date = {2002-06-07},
  pdf = {missing},
  meeting = {Finite Element Center Workshop, Chalmers G{\"o}teborg},
}

@misc{LoggErikssonEtAl20020611a,
  category = {talks},
  status = {published},
  author = {Anders Logg and Kenneth Eriksson and Claes Johnson},
  title = {Explicit Time-Stepping for Stiff {ODE}s},
  year = {2002},
  date = {2002-06-11},
  pdf = {missing},
  meeting = {Third China-Sweden Workshop on Computational Mathematics, Chalmers G{\"o}teborg},
}

@misc{Logg20021010a,
  category = {talks},
  status = {published},
  author = {Anders Logg},
  title = {Matematisk Modellering Och Ber\"akning},
  year = {2002},
  date = {2002-10-10},
  pdf = {missing},
  meeting = {Centre of Chemical Process Engineering (CPE), Chalmers G{\"o}teborg},
}

@misc{Logg20021107a,
  category = {talks},
  status = {published},
  author = {Anders Logg},
  title = {A Priori Error Analysis of Multi-Adaptive {G}alerkin Methods},
  year = {2002},
  date = {2002-11-07},
  pdf = {missing},
  meeting = {Computational and Applied Mathematics Seminar, Chalmers G{\"o}teborg},
}

@misc{Logg20021120a,
  category = {talks},
  status = {published},
  author = {Anders Logg},
  title = {Matematisk Modellering Och Ber\"akning},
  year = {2002},
  date = {2002-11-20},
  pdf = {missing},
  meeting = {Chalmers Day, Chalmers G{\"o}teborg},
}

@misc{LoggErikssonEtAl20021125a,
  category = {talks},
  status = {published},
  author = {Anders Logg and Kenneth Eriksson and Claes Johnson},
  title = {Multi-Adaptive Time Integration},
  year = {2002},
  date = {2002-11-25},
  pdf = {missing},
  meeting = {Innovative Time Integrators for PDEs Workshop (IIPDE 2002), CWI Amsterdam},
}

@misc{Logg20021218a,
  category = {talks},
  status = {published},
  author = {Anders Logg},
  title = {Computational Mathematical Modelling},
  duplicate = {True},
  year = {2002},
  date = {2002-12-18},
  pdf = {missing},
  meeting = {Seminar, Chalmers G{\"o}teborg},
}

@misc{JohnsonHoffmanEtAl20030305a,
  category = {talks},
  status = {published},
  author = {Claes Johnson and Johan Hoffman and Anders Logg},
  title = {The {DOLFIN} Project - a Platform for Finite Element Computation},
  year = {2003},
  date = {2003-03-05},
  pdf = {missing},
  meeting = {Isaac Newton Institute, Cambridge},
}

@misc{Logg20030508a,
  category = {talks},
  status = {published},
  author = {Anders Logg},
  title = {Adaptive Explicit Time-Stepping for Stiff {ODE}s},
  year = {2003},
  date = {2003-05-08},
  pdf = {missing},
  meeting = {First European Finite Element Fair, Cambridge},
}

@misc{LoggErikssonEtAl20030512a,
  category = {talks},
  status = {published},
  author = {Anders Logg and Kenneth Eriksson and Claes Johnson},
  title = {Explicit Time-Stepping for Stiff {ODE}s},
  year = {2003},
  date = {2003-05-12},
  pdf = {missing},
  meeting = {CWI Seminar, CWI Amsterdam},
}

@misc{Logg20030911a,
  category = {talks},
  status = {published},
  author = {Anders Logg},
  title = {Current Status of {DOLFIN} - a Guide for Prospective Developers},
  year = {2003},
  date = {2003-09-11},
  pdf = {missing},
  meeting = {Computational and Applied Mathematics Seminar, Chalmers G{\"o}teborg},
}

@misc{Logg20030929a,
  category = {talks},
  status = {published},
  author = {Anders Logg},
  title = {Time Integration of {ODE}s and {PDE}s With Multi-Adaptive {G}alerkin Methods},
  year = {2003},
  date = {2003-09-29},
  pdf = {missing},
  meeting = {First International Conference on Adaptive Modelling Simulation (ADMOS 2003), Chalmers G{\"o}teborg},
}

@misc{Logg20031002a,
  category = {talks},
  status = {published},
  author = {Anders Logg},
  title = {A General Adaptive Finite Element Solver With Application to Turbulent Reactive Flow},
  year = {2003},
  date = {2003-10-02},
  pdf = {missing},
  meeting = {New Era for Chemical Reactors Workshop, Chalmers G{\"o}teborg},
}

@misc{Logg20031020a,
  category = {talks},
  status = {published},
  author = {Anders Logg},
  title = {Automation of Computational Mathematical Modeling: the {FE}ni{CS} Project},
  year = {2003},
  date = {2003-10-20},
  pdf = {missing},
  meeting = {TTI Seminar, Chicago},
}

@misc{Logg20040610a,
  category = {talks},
  status = {published},
  author = {Anders Logg},
  title = {Automation of Computational Mathematical Modeling},
  duplicate = {True},
  year = {2004},
  date = {2004-06-10},
  pdf = {missing},
  meeting = {Ph.D. Seminar, Chalmers G{\"o}teborg},
}

@misc{Logg20041019a,
  category = {talks},
  status = {published},
  author = {Anders Logg},
  title = {Automation of Computational Mathematical Modeling},
  year = {2004},
  date = {2004-10-19},
  pdf = {missing},
  meeting = {TTI Seminar, Chicago},
}

@misc{Logg20041111a,
  category = {talks},
  status = {published},
  author = {Anders Logg},
  title = {Automation of Computational Mathematical Modeling},
  year = {2004},
  date = {2004-11-11},
  pdf = {missing},
  meeting = {University of Chicago Graduate Seminar, Chicago},
}

@misc{Logg20041207a,
  category = {talks},
  status = {published},
  author = {Anders Logg},
  title = {A Compiler for Variational Forms},
  year = {2004},
  date = {2004-12-07},
  pdf = {missing},
  meeting = {TTI Seminar, Chicago},
}

@misc{Logg20041216a,
  category = {talks},
  status = {published},
  author = {Anders Logg},
  title = {A Compiler for Variational Forms},
  year = {2004},
  date = {2004-12-16},
  pdf = {missing},
  meeting = {KTH/NADA, Stockholm},
}

@misc{Logg20041220a,
  category = {talks},
  status = {published},
  author = {Anders Logg},
  title = {A Compiler for Variational Forms},
  year = {2004},
  date = {2004-12-20},
  pdf = {missing},
  meeting = {Computational and Applied Mathematics Seminar, Chalmers G{\"o}teborg},
}

@misc{Logg20050215a,
  category = {talks},
  status = {published},
  author = {Anders Logg},
  title = {{FFC}: a Compiler for Variational Forms},
  year = {2005},
  date = {2005-02-15},
  pdf = {missing},
  meeting = {SIAM Conference on Computational Science and Engineering (SIAM CSE 2005), Orlando},
}

@misc{Logg20050426a,
  category = {talks},
  status = {published},
  author = {Anders Logg},
  title = {Benchmark Results for the {FE}ni{CS} Form Compiler},
  year = {2005},
  date = {2005-04-26},
  pdf = {missing},
  meeting = {TTI Seminar, Chicago},
}

@misc{Logg20050817a,
  category = {talks},
  status = {published},
  author = {Anders Logg},
  title = {Automating the Finite Element Method},
  year = {2005},
  date = {2005-08-17},
  pdf = {missing},
  meeting = {Computational and Applied Mathematics Seminar, Chalmers G{\"o}teborg},
}

@misc{Logg20050819a,
  category = {talks},
  status = {published},
  author = {Anders Logg},
  title = {Automating the Finite Element Method},
  year = {2005},
  date = {2005-08-19},
  pdf = {missing},
  meeting = {KTH/NADA, Stockholm},
}

@misc{Logg20050823a,
  category = {talks},
  status = {published},
  author = {Anders Logg},
  title = {Automating the Finite Element Method},
  year = {2005},
  date = {2005-08-23},
  pdf = {missing},
  meeting = {Simula Research Laboratory, Oslo},
}

@misc{Logg20050823b,
  category = {talks},
  status = {published},
  author = {Anders Logg},
  title = {A New Family of Methods for Global Error Control in {ODE} Solvers},
  year = {2005},
  date = {2005-08-23},
  pdf = {missing},
  meeting = {Simula Research Laboratory, Oslo},
}

@misc{Logg20050922a,
  category = {talks},
  status = {published},
  author = {Anders Logg},
  title = {How to Solve Differential Equations and How to Automate It},
  year = {2005},
  date = {2005-09-22},
  pdf = {missing},
  meeting = {TTI Student Seminar, Chicago},
}

@misc{Logg20051020a,
  category = {talks},
  status = {published},
  author = {Anders Logg},
  title = {Extending and Optimizing the {FE}ni{CS} Form Compiler},
  year = {2005},
  date = {2005-10-20},
  pdf = {missing},
  meeting = {FEniCS'05 Workshop, Chicago},
}

@misc{Logg20051206a,
  category = {talks},
  status = {published},
  author = {Anders Logg},
  title = {How Large Is the Error?},
  year = {2005},
  date = {2005-12-06},
  pdf = {missing},
  meeting = {TTI Seminar, Chicago},
}

@misc{Logg200603a,
  category = {talks},
  status = {published},
  author = {Anders Logg},
  title = {Automating the Finite Element Method},
  year = {2006},
  date = {2006-03},
  pdf = {missing},
  meeting = {Lecture series at the Sixth Winter School in Computational Mathematics, Geilo},
}

@misc{Logg20060831a,
  category = {talks},
  status = {published},
  author = {Anders Logg},
  title = {Current and Future Plans for {FE}ni{CS}},
  year = {2006},
  date = {2006-08-31},
  pdf = {missing},
  meeting = {BIT Circus, Stockholm},
}

@misc{Logg20061008a,
  category = {talks},
  status = {published},
  author = {Anders Logg},
  title = {The {FE}ni{CS} Project: Philosophy, Current Status and Future Plans},
  year = {2006},
  date = {2006-10-08},
  pdf = {missing},
  meeting = {FEniCS'06 Workshop, Delft},
}

@misc{Logg20061009a,
  category = {talks},
  status = {published},
  author = {Anders Logg},
  title = {A New Mesh Library for {DOLFIN}},
  year = {2006},
  date = {2006-10-09},
  pdf = {missing},
  meeting = {FEniCS'06 Workshop, Delft},
}

@misc{Logg20061120a,
  category = {talks},
  status = {published},
  author = {Anders Logg},
  title = {A New Mesh Library for {DOLFIN}/{P}y{CC}},
  year = {2006},
  date = {2006-11-20},
  pdf = {missing},
  meeting = {Simula Scientific Computing Seminar, Tallinn},
}

@misc{Logg2007052a,
  category = {talks},
  status = {published},
  author = {Anders Logg},
  title = {Efficient Representation of Computational Meshes},
  year = {2007},
  date = {2007-05-2},
  simula = {ok},
  pdf = {missing},
  meeting = {MekIT'07, Trondheim},
}

@misc{LoggSkavhaug20070612a,
  category = {talks},
  status = {published},
  author = {Anders Logg and O. Skavhaug},
  title = {Software Components for Solving {PDE}s},
  year = {2007},
  date = {2007-06-12},
  simula = {ok},
  pdf = {missing},
  meeting = {Modelling and Computation of Biomedical Processess Workshop, Simula Oslo},
}

@misc{Logg20070718a,
  category = {talks},
  status = {published},
  author = {Anders Logg},
  title = {Automated Solution of Differential Equations},
  note = {should appear here: http://www3.interscience.wiley.com/journal/91016652/home},
  duplicate = {True},
  year = {2007},
  date = {2007-07-18},
  simula = {ok},
  pdf = {missing},
  meeting = {6th International Congress on Industrial and Applied Mathematics (ICIAM 2007), Z\"urich},
}

@misc{Logg20070811a,
  category = {talks},
  status = {published},
  author = {Anders Logg},
  title = {Finite Element Code Generation: Simplicity, Generality, Efficiency},
  year = {2007},
  date = {2007-08-11},
  simula = {ok},
  pdf = {missing},
  meeting = {Software Issues in Computational Science and Engineering (SCSE 2007), Uppsala},
}

@misc{Logg20070926a,
  category = {talks},
  status = {published},
  author = {Anders Logg},
  title = {Activities at Simula: {FE}ni{CS} and the Center for Biomedical Computing},
  year = {2007},
  date = {2007-09-26},
  simula = {ok},
  pdf = {missing},
  meeting = {Computational and Applied Mathematics Seminar, Chalmers G{\"o}teborg},
}

@misc{Logg20071204a,
  category = {talks},
  status = {published},
  author = {Anders Logg},
  title = {Solving {PDE}s With {FE}ni{CS}/{DOLFIN}},
  year = {2007},
  date = {2007-12-04},
  pdf = {missing},
  meeting = {Simula Scientific Computing Seminar, Berlin},
}

@misc{Logg20080229a,
  category = {talks},
  status = {published},
  author = {Anders Logg},
  title = {The FEniCS Project},
  note = {invited talk},
  year = {2008},
  date = {2008-02-29},
  simula = {ok},
  pdf = {missing},
  meeting = {Workshop on Data Structures for Finite Element and Finite Volume Computations, Freie Universit\"at Berlin},
}

@misc{Logg20080305a,
  category = {talks},
  status = {published},
  author = {Anders Logg},
  title = {A Symbolic Engine for Finite Element Exterior Calculus},
  year = {2008},
  date = {2008-03-05},
  simula = {ok},
  pdf = {missing},
  meeting = {Workshop on Automating the Development of Scientific Computing Software (FEniCS'08), Lousiana State University, Baton Rogue},
}

@misc{Logg20080307a,
  category = {talks},
  status = {published},
  author = {Anders Logg},
  title = {Just-in-Time Compilation of Finite Element Variational Forms},
  year = {2008},
  date = {2008-03-07},
  simula = {ok},
  pdf = {missing},
  meeting = {the Finite Element Circus and Rodeo, Louisiana State University, Baton Rogue},
}

@misc{Logg20080530a,
  category = {talks},
  status = {published},
  author = {Anders Logg},
  title = {A Symbolic Engine for Finite Element Exterior Calculus},
  year = {2008},
  date = {2008-05-30},
  simula = {ok},
  pdf = {missing},
  meeting = {European Finite Element Fair 2008, Chalmers, G{\"o}teborg},
}

@misc{Logg20080908a,
  category = {talks},
  status = {published},
  author = {Anders Logg},
  title = {FSI Development at CBC},
  year = {2008},
  date = {2008-09-08},
  simula = {ok},
  pdf = {missing},
  meeting = {Workshop on FSI for Biomedical Applications, Trondheim},
}

@misc{Logg20081106a,
  category = {talks},
  status = {published},
  author = {Anders Logg},
  title = {FEniCS Tutorial},
  year = {2008},
  date = {2008-11-06},
  simula = {ok},
  pdf = {missing},
  meeting = {CBC Seminar, Oslo},
}

@misc{Logg20080816a,
  category = {talks},
  status = {published},
  author = {Anders Logg},
  title = {An Overview of the FEniCS Project},
  duplicate = {True},
  year = {2008},
  date = {2008-08-16},
  pdf = {missing},
  meeting = {21st Nordic Seminar on Computational Mechanics, Trondheim},
}

@misc{Logg20090330a,
  category = {talks},
  status = {published},
  author = {Anders Logg},
  title = {Automatic Code Generation and the FEniCS Project},
  year = {2009},
  date = {2009-03-30},
  pdf = {missing},
  meeting = {Opportunities and Challenges in Computational Geodynamics, Caltech},
}

@misc{Logg20090504a,
  category = {talks},
  status = {published},
  author = {Anders Logg},
  title = {FEniCS: Automated Computing},
  year = {2009},
  date = {2009-05-04},
  pdf = {missing},
  meeting = {Workshop on Computational Fluid Dynamics, Simula Research Laboratory, Oslo},
}

@misc{Logg20090611a,
  category = {talks},
  status = {published},
  author = {Anders Logg},
  title = {Introduction to FEniCS'09},
  year = {2009},
  date = {2009-06-11},
  pdf = {missing},
  meeting = {FEniCS'09, Simula Research Laboratory, Oslo},
}

@misc{LoggSkavhaug20090616a,
  category = {talks},
  status = {published},
  author = {Anders Logg and Ola Skavhaug},
  title = {Parallel Data Structures and Algorithms in DOLFIN},
  year = {2009},
  date = {2009-06-16},
  pdf = {missing},
  meeting = {HPC Workshop, Simula Research Laboratory},
}

@misc{Logg20090618a,
  category = {talks},
  status = {published},
  author = {Anders Logg},
  title = {Automated Finite Element Discretization},
  year = {2009},
  date = {2009-06-18},
  pdf = {missing},
  meeting = {Workshop on Compatible and Innovative Discretizations for Partial Differential Equations, Oslo},
}

@misc{Logg20090703a,
  category = {talks},
  status = {published},
  author = {Anders Logg},
  title = {DOLFIN: Automated Finite Element Computing},
  year = {2009},
  date = {2009-07-03},
  pdf = {missing},
  meeting = {ENUMATH'09, Uppsala},
}

@misc{ChristianssonLogg1996a,
  category = {misc},
  status = {published},
  author = {G{\"o}ran Christiansson and Anders Logg},
  title = {V\"atskekristaller: En Kort Introduktion},
  month = {2},
  year = {1996},
  howpublished = {Scientium},
  simula = {ok},
  pdf = {papers/ChristianssonLogg1996a.pdf},
}

@misc{ChristianssonLogg1996b,
  category = {misc},
  status = {published},
  author = {G{\"o}ran Christiansson and Anders Logg},
  title = {V\"atskekristaller Del 2: {LCD} (v\"atskekristall-Displayer)},
  month = {3--4},
  year = {1996},
  howpublished = {Scientium},
  simula = {ok},
  pdf = {papers/ChristianssonLogg1996b.pdf},
}

@misc{Logg2001e,
  category = {misc},
  status = {published},
  author = {Anders Logg},
  title = {Tanganyika},
  year = {2001},
  howpublished = {URL: \url{http://www.phi.chalmers.se/tanganyika/}},
  pdf = {missing},
}

@misc{HoffmanLogg2006a,
  category = {misc},
  status = {published},
  author = {Johan Hoffman and Anders Logg},
  title = {Puffin},
  year = {2006},
  howpublished = {URL: \url{http://www.fenics.org/puffin/}},
  pdf = {missing},
}

@misc{LoggJanssonEtAl2006a,
  category = {misc},
  status = {published},
  author = {Anders Logg and Johan Jansson and others},
  title = {{B}ody and {S}oul Computer Sessions},
  year = {2006},
  howpublished = {URL: \url{http://www.bodysoulmath.org/sessions/}},
  pdf = {missing},
}

@misc{Logg2006c,
  category = {misc},
  status = {published},
  author = {Anders Logg},
  title = {Automating the Finite Element Method},
  year = {2006},
  howpublished = {Lecture notes for the Sixth Winter School in Computational Mathematics},
  simula = {ok},
  pdf = {missing},
}

@misc{Logg2008c,
  category = {misc},
  status = {published},
  author = {Anders Logg},
  title = {Ber\"akningsmatematik},
  duplicate = {True},
  year = {2008},
  howpublished = {URL: \url{http://www.forskning.se}},
  pdf = {missing},
}

@misc{FEniCS2009a,
  category = {misc},
  status = {published},
  author = {{FE}ni{CS}},
  title = {{FE}ni{CS} Project},
  year = {2009},
  howpublished = {URL: \url{http://www.fenics.org/}},
  pdf = {missing},
}

@misc{LoggWellsEtAl2009a,
  category = {misc},
  status = {published},
  author = {Anders Logg and Garth N. Wells and others},
  title = {{DOLFIN}},
  year = {2009},
  howpublished = {URL: \url{http://www.fenics.org/dolfin/}},
  pdf = {missing},
}

@misc{Loggothers2009a,
  category = {misc},
  status = {published},
  author = {Anders Logg and others},
  title = {{FFC}},
  year = {2009},
  howpublished = {URL: \url{http://www.fenics.org/ffc/}},
  pdf = {missing},
}

@misc{AlnaesLoggEtAl2009c,
  category = {misc},
  status = {published},
  author = {Martin S. Aln{\ae}s and Anders Logg and Kent-Andre Mardal and Ola Skavhaug and Hans Petter Langtangen},
  title = {{UFC}},
  year = {2009},
  howpublished = {URL: \url{http://www.fenics.org/ufc/}},
  pdf = {missing},
}

@misc{AlnaesLogg2009a,
  category = {misc},
  status = {published},
  author = {Martin S. Aln{\ae}s and Anders Logg},
  title = {{UFL}},
  year = {2009},
  howpublished = {URL: \url{http://www.fenics.org/ufl/}},
  pdf = {missing},
}

@misc{LoggMardal2009a,
  category = {misc},
  status = {published},
  author = {Anders Logg and Kent-Andre Mardal},
  title = {{Exterior}},
  year = {2009},
  howpublished = {URL: \url{http://www.fenics.org/wiki/Finite_Element_Exterior_Calculus}},
  pdf = {missing},
}
